<collection xmlns="http://www.loc.gov/MARC21/slim">
<record>
  <leader>02276nam a2200289   4500</leader>
  <controlfield tag="001">ocm99882330e </controlfield>
  <controlfield tag="003">UnM</controlfield>
  <controlfield tag="005">20010523182718.0</controlfield>
  <controlfield tag="006">m    g   d        </controlfield>
  <controlfield tag="007">cr bn |||a|bb|</controlfield>
  <controlfield tag="008">840817s1708    enk     s     00    eng d</controlfield>
  <datafield tag="037" ind1=" " ind2=" ">
    <subfield code="a">CL2105000002</subfield>
    <subfield code="b">ProQuest Information and Learning. 300 N. Zeeb Rd., Ann Arbor, MI 48106</subfield>
  </datafield>
  <datafield tag="040" ind1=" " ind2=" ">
    <subfield code="a">Cu-RivES</subfield>
    <subfield code="c">Cu-RivES</subfield>
    <subfield code="d">CStRLIN</subfield>
    <subfield code="d">Cu-RivES</subfield>
    <subfield code="e">dcrb</subfield>
  </datafield>
  <datafield tag="100" ind1="1" ind2=" ">
    <subfield code="a">Jones, D.</subfield>
    <subfield code="q">(David),</subfield>
    <subfield code="d">fl. 1676-1720.</subfield>
  </datafield>
  <datafield tag="245" ind1="1" ind2="4">
    <subfield code="a">The life of Leopold, late Emperor of Germany, &amp;c.</subfield>
    <subfield code="h">[electronic resource] :</subfield>
    <subfield code="b">Containing the difficulties and particulars of his election. Of his first war in Hungary under the conduct of the famous Count Nicholas Serini. Peace with the Turks, and mutual ambassies. Conspiracy of the Counts Peter Serini, Nadasti and Frangipani. First war against France, and imbroilments with the Hungarians. Rise and progress of Tekeli. [double bracket] Peace with France, infractions of it. Second war with the Turks, his wonderful victories, sieges and conquests. Characters of his generals. Second war with France on the Rhine, and in Italy, and the intrigues and articles of the peace. Treaty of Carlowitz, and revolt of the Hungarians. Of his last war against the French and Bavarians, in Itlay and the empire. Of his death and character at large.</subfield>
  </datafield>
  <datafield tag="250" ind1=" " ind2=" ">
    <subfield code="a">The second edition.</subfield>
  </datafield>
  <datafield tag="260" ind1=" " ind2=" ">
    <subfield code="a">London, :</subfield>
    <subfield code="b">Printed for James Knapton at the Crown, Maurice Atkins at the Golden Ball in St. Paul&apos;s Church-yard, and Richard Burrough and John Baker, at the Sun and Moon in Cornhill.,</subfield>
    <subfield code="c">1708.</subfield>
  </datafield>
  <datafield tag="300" ind1=" " ind2=" ">
    <subfield code="a">[1]+ p.</subfield>
  </datafield>
  <datafield tag="500" ind1=" " ind2=" ">
    <subfield code="a">Attributed to David Jones.</subfield>
  </datafield>
  <datafield tag="500" ind1=" " ind2=" ">
    <subfield code="a">Fragment: title page only.</subfield>
  </datafield>
  <datafield tag="500" ind1=" " ind2=" ">
    <subfield code="a">Reproduction of original in the British Library.</subfield>
  </datafield>
  <datafield tag="510" ind1="4" ind2=" ">
    <subfield code="a">Early English books tract supplement interim guide</subfield>
    <subfield code="c">Harl.5986[165]</subfield>
  </datafield>
  <datafield tag="533" ind1=" " ind2=" ">
    <subfield code="a">Electronic reproduction.</subfield>
    <subfield code="b">Ann Arbor, Mich. :</subfield>
    <subfield code="c">UMI,</subfield>
    <subfield code="d">1999-</subfield>
    <subfield code="f">(Early English books online)</subfield>
    <subfield code="n">Digital version of: (Early English books, Tract supplement ; E3:3[162])</subfield>
    <subfield code="7">s1999    miun s</subfield>
  </datafield>
  <datafield tag="600" ind1="0" ind2="0">
    <subfield code="a">Leopold</subfield>
    <subfield code="b">I,</subfield>
    <subfield code="c">Holy Roman Emperor,</subfield>
    <subfield code="d">1640-1705</subfield>
    <subfield code="v">Early works to 1800.</subfield>
  </datafield>
  <datafield tag="655" ind1=" " ind2="0">
    <subfield code="a">Title pages</subfield>
    <subfield code="z">England</subfield>
    <subfield code="y">18th century.</subfield>
  </datafield>
  <datafield tag="830" ind1=" " ind2="0">
    <subfield code="a">Early English books online.</subfield>
  </datafield>
  <datafield tag="856" ind1="4" ind2="0">
    <subfield code="u">http://gateway.proquest.com/openurl?ctx_ver=Z39.88-2003&amp;res_id=xri:eebo&amp;rft_val_fmt=&amp;rft_id=xri:eebo:image:203706</subfield>
  </datafield>
</record>