
<record>
  <leader>01574nam a2200289   4500</leader>
  <controlfield tag="001">ocm99882331e </controlfield>
  <controlfield tag="003">UnM</controlfield>
  <controlfield tag="005">20010523182718.0</controlfield>
  <controlfield tag="006">m    g   d        </controlfield>
  <controlfield tag="007">cr bn |||a|bb|</controlfield>
  <controlfield tag="008">840821s1706    enk     s     00    eng d</controlfield>
  <datafield tag="037" ind1=" " ind2=" ">
    <subfield code="a">CL2105000002</subfield>
    <subfield code="b">ProQuest Information and Learning. 300 N. Zeeb Rd., Ann Arbor, MI 48106</subfield>
  </datafield>
  <datafield tag="040" ind1=" " ind2=" ">
    <subfield code="a">Cu-RivES</subfield>
    <subfield code="c">Cu-RivES</subfield>
    <subfield code="d">CStRLIN</subfield>
    <subfield code="d">Cu-RivES</subfield>
    <subfield code="e">dcrb</subfield>
  </datafield>
  <datafield tag="100" ind1="1" ind2=" ">
    <subfield code="a">Clarke, Samuel,</subfield>
    <subfield code="d">1675-1729.</subfield>
  </datafield>
  <datafield tag="245" ind1="1" ind2="2">
    <subfield code="a">A letter to Mr Dodwell;</subfield>
    <subfield code="h">[electronic resource] :</subfield>
    <subfield code="b">wherein all the arguments in his Epistolary discourse against the immortality of the soul are particularly answered, and the judgment of the fathers concerning that matter truly represented. /</subfield>
    <subfield code="c">By Samuel Clarke, ...</subfield>
  </datafield>
  <datafield tag="250" ind1=" " ind2=" ">
    <subfield code="a">The second edition.</subfield>
  </datafield>
  <datafield tag="260" ind1=" " ind2=" ">
    <subfield code="a">London, :</subfield>
    <subfield code="b">Printed by W. Botham; for James Knapton, at the Crown in St Paul&apos;s Church-Yard.,</subfield>
    <subfield code="c">1706.</subfield>
  </datafield>
  <datafield tag="300" ind1=" " ind2=" ">
    <subfield code="a">[1]+ p.</subfield>
  </datafield>
  <datafield tag="500" ind1=" " ind2=" ">
    <subfield code="a">Fragment: title page only.</subfield>
  </datafield>
  <datafield tag="500" ind1=" " ind2=" ">
    <subfield code="a">Reproduction of original in the British Library.</subfield>
  </datafield>
  <datafield tag="510" ind1="4" ind2=" ">
    <subfield code="a">Early English books tract supplement interim guide</subfield>
    <subfield code="c">Harl.5987[103]</subfield>
  </datafield>
  <datafield tag="533" ind1=" " ind2=" ">
    <subfield code="a">Electronic reproduction.</subfield>
    <subfield code="b">Ann Arbor, Mich. :</subfield>
    <subfield code="c">UMI,</subfield>
    <subfield code="d">1999-</subfield>
    <subfield code="f">(Early English books online)</subfield>
    <subfield code="n">Digital version of: (Early English books, Tract supplement ; E3:4[98])</subfield>
    <subfield code="7">s1999    miun s</subfield>
  </datafield>
  <datafield tag="650" ind1=" " ind2="0">
    <subfield code="a">Immortality</subfield>
    <subfield code="v">Early works to 1800.</subfield>
  </datafield>
  <datafield tag="650" ind1=" " ind2="0">
    <subfield code="a">Soul</subfield>
    <subfield code="v">Early works to 1800.</subfield>
  </datafield>
  <datafield tag="655" ind1=" " ind2="0">
    <subfield code="a">Title pages</subfield>
    <subfield code="z">England</subfield>
    <subfield code="y">18th century.</subfield>
  </datafield>
  <datafield tag="830" ind1=" " ind2="0">
    <subfield code="a">Early English books online.</subfield>
  </datafield>
  <datafield tag="856" ind1="4" ind2="0">
    <subfield code="u">http://gateway.proquest.com/openurl?ctx_ver=Z39.88-2003&amp;res_id=xri:eebo&amp;rft_val_fmt=&amp;rft_id=xri:eebo:image:194829</subfield>
  </datafield>
</record>