
<record>
  <leader>01558nam a2200337   4500</leader>
  <controlfield tag="001">ocm99882332e </controlfield>
  <controlfield tag="003">UnM</controlfield>
  <controlfield tag="005">20010523182718.0</controlfield>
  <controlfield tag="006">m    g   d        </controlfield>
  <controlfield tag="007">cr bn |||a|bb|</controlfield>
  <controlfield tag="008">841206s1728    enk     s     00    eng d</controlfield>
  <datafield tag="037" ind1=" " ind2=" ">
    <subfield code="a">CL2105000001</subfield>
    <subfield code="b">ProQuest Information and Learning. 300 N. Zeeb Rd., Ann Arbor, MI 48106</subfield>
  </datafield>
  <datafield tag="040" ind1=" " ind2=" ">
    <subfield code="a">Cu-RivES</subfield>
    <subfield code="c">Cu-RivES</subfield>
    <subfield code="d">CStRLIN</subfield>
    <subfield code="d">Cu-RivES</subfield>
    <subfield code="e">dcrb</subfield>
  </datafield>
  <datafield tag="245" ind1="0" ind2="0">
    <subfield code="a">Two new ballads.</subfield>
    <subfield code="h">[electronic resource] :</subfield>
    <subfield code="b">The L-ds address to K. G. II.</subfield>
  </datafield>
  <datafield tag="260" ind1=" " ind2=" ">
    <subfield code="a">[London :</subfield>
    <subfield code="b">s.n.,</subfield>
    <subfield code="c">1728]</subfield>
  </datafield>
  <datafield tag="300" ind1=" " ind2=" ">
    <subfield code="a">1 sheet ([1] p.).</subfield>
  </datafield>
  <datafield tag="500" ind1=" " ind2=" ">
    <subfield code="a">Imprint from Foxon.</subfield>
  </datafield>
  <datafield tag="500" ind1=" " ind2=" ">
    <subfield code="a">Verse: &quot;Thank ye, most great and martial sir ...&quot;</subfield>
  </datafield>
  <datafield tag="500" ind1=" " ind2=" ">
    <subfield code="a">A new ballad has verse: &quot;Hither from farthest east to west ...&quot;</subfield>
  </datafield>
  <datafield tag="500" ind1=" " ind2=" ">
    <subfield code="a">Printed in two columns.</subfield>
  </datafield>
  <datafield tag="500" ind1=" " ind2=" ">
    <subfield code="a">Reproduction of original in the British Library.</subfield>
  </datafield>
  <datafield tag="505" ind1="0" ind2=" ">
    <subfield code="a">L--ds address to K.G. II. -- New ballad.</subfield>
  </datafield>
  <datafield tag="510" ind1="4" ind2=" ">
    <subfield code="a">Foxon</subfield>
    <subfield code="c">T587</subfield>
  </datafield>
  <datafield tag="510" ind1="4" ind2=" ">
    <subfield code="a">Early English books tract supplement interim guide</subfield>
    <subfield code="c">C.161.f.2[76]</subfield>
  </datafield>
  <datafield tag="533" ind1=" " ind2=" ">
    <subfield code="a">Electronic reproduction.</subfield>
    <subfield code="b">Ann Arbor, Mich. :</subfield>
    <subfield code="c">UMI,</subfield>
    <subfield code="d">1999-</subfield>
    <subfield code="f">(Early English books online)</subfield>
    <subfield code="n">Digital version of: (Early English books; Tract supplement ; A3:5[78])</subfield>
    <subfield code="7">s1999    miun s</subfield>
  </datafield>
  <datafield tag="600" ind1="0" ind2="0">
    <subfield code="a">George</subfield>
    <subfield code="b">II,</subfield>
    <subfield code="c">King of Great Britain,</subfield>
    <subfield code="d">1683-1760</subfield>
    <subfield code="v">Early works to 1800.</subfield>
  </datafield>
  <datafield tag="650" ind1=" " ind2="0">
    <subfield code="a">Ballads, English</subfield>
    <subfield code="y">18th century.</subfield>
  </datafield>
  <datafield tag="740" ind1="0" ind2="2">
    <subfield code="a">L--rds address to K.G. II.</subfield>
  </datafield>
  <datafield tag="740" ind1="0" ind2="2">
    <subfield code="a">New ballad.</subfield>
  </datafield>
  <datafield tag="830" ind1=" " ind2="0">
    <subfield code="a">Early English books online.</subfield>
  </datafield>
  <datafield tag="856" ind1="4" ind2="0">
    <subfield code="u">http://gateway.proquest.com/openurl?ctx_ver=Z39.88-2003&amp;res_id=xri:eebo&amp;rft_val_fmt=&amp;rft_id=xri:eebo:image:182465</subfield>
  </datafield>
</record>