
<record>
  <leader>01470nam a2200289   4500</leader>
  <controlfield tag="001">ocm99882333e </controlfield>
  <controlfield tag="003">UnM</controlfield>
  <controlfield tag="005">20010523182718.0</controlfield>
  <controlfield tag="006">m    g   d        </controlfield>
  <controlfield tag="007">cr bn |||a|bb|</controlfield>
  <controlfield tag="008">841206s1708    enk     s     00    eng d</controlfield>
  <datafield tag="035" ind1=" " ind2=" ">
    <subfield code="a">T025954</subfield>
  </datafield>
  <datafield tag="037" ind1=" " ind2=" ">
    <subfield code="a">CL2105000001</subfield>
    <subfield code="b">ProQuest Information and Learning. 300 N. Zeeb Rd., Ann Arbor, MI 48106</subfield>
  </datafield>
  <datafield tag="040" ind1=" " ind2=" ">
    <subfield code="a">Cu-RivES</subfield>
    <subfield code="c">Cu-RivES</subfield>
    <subfield code="d">CStRLIN</subfield>
    <subfield code="d">Cu-RivES</subfield>
    <subfield code="e">dcrb</subfield>
  </datafield>
  <datafield tag="100" ind1="1" ind2=" ">
    <subfield code="a">Gregg, William,</subfield>
    <subfield code="d">d. 1708.</subfield>
  </datafield>
  <datafield tag="245" ind1="1" ind2="2">
    <subfield code="a">A true copy of the paper left by Mr. William Gregg, who suffered for high-treason the 28th day of April, 1708.</subfield>
    <subfield code="h">[electronic resource].</subfield>
  </datafield>
  <datafield tag="260" ind1=" " ind2=" ">
    <subfield code="a">[London] :</subfield>
    <subfield code="b">Printed for J. Morphew, near Stationers-hall,</subfield>
    <subfield code="c">1708.</subfield>
  </datafield>
  <datafield tag="300" ind1=" " ind2=" ">
    <subfield code="a">1 sheet ([1] p.).</subfield>
  </datafield>
  <datafield tag="500" ind1=" " ind2=" ">
    <subfield code="a">Reproduction of original in the British Library.</subfield>
  </datafield>
  <datafield tag="510" ind1="4" ind2=" ">
    <subfield code="a">Early English books tract supplement interim guide</subfield>
    <subfield code="c">515.l.2[206].</subfield>
  </datafield>
  <datafield tag="533" ind1=" " ind2=" ">
    <subfield code="a">Electronic reproduction.</subfield>
    <subfield code="b">Ann Arbor, Mich. :</subfield>
    <subfield code="c">UMI,</subfield>
    <subfield code="d">1999-</subfield>
    <subfield code="f">(Early English books online)</subfield>
    <subfield code="n">Digital version of: (Early English books; Tract supplement ; C17:1[204])</subfield>
    <subfield code="7">s1999    miun s</subfield>
  </datafield>
  <datafield tag="600" ind1="1" ind2="0">
    <subfield code="a">Gregg, William,</subfield>
    <subfield code="d">d. 1708.</subfield>
    <subfield code="v">Early works to 1800.</subfield>
  </datafield>
  <datafield tag="650" ind1=" " ind2="0">
    <subfield code="a">Last words</subfield>
    <subfield code="z">England</subfield>
    <subfield code="v">Early works to 1800.</subfield>
  </datafield>
  <datafield tag="650" ind1=" " ind2="0">
    <subfield code="a">Executions and executioners</subfield>
    <subfield code="z">England</subfield>
    <subfield code="v">Early works to 1800.</subfield>
  </datafield>
  <datafield tag="650" ind1=" " ind2="0">
    <subfield code="a">Treason</subfield>
    <subfield code="z">England</subfield>
    <subfield code="v">Early works to 1800.</subfield>
  </datafield>
  <datafield tag="830" ind1=" " ind2="0">
    <subfield code="a">Early English books online.</subfield>
  </datafield>
  <datafield tag="856" ind1="4" ind2="0">
    <subfield code="u">http://gateway.proquest.com/openurl?ctx_ver=Z39.88-2003&amp;res_id=xri:eebo&amp;rft_val_fmt=&amp;rft_id=xri:eebo:image:189701</subfield>
  </datafield>
</record>