
<record>
  <leader>01677nam a2200325   4500</leader>
  <controlfield tag="001">ocm99882334e </controlfield>
  <controlfield tag="003">UnM</controlfield>
  <controlfield tag="005">20010523182718.0</controlfield>
  <controlfield tag="006">m    g   d        </controlfield>
  <controlfield tag="007">cr bn |||a|bb|</controlfield>
  <controlfield tag="008">840330s1702    enk     s     00    eng d</controlfield>
  <datafield tag="037" ind1=" " ind2=" ">
    <subfield code="a">CL2105000002</subfield>
    <subfield code="b">ProQuest Information and Learning. 300 N. Zeeb Rd., Ann Arbor, MI 48106</subfield>
  </datafield>
  <datafield tag="040" ind1=" " ind2=" ">
    <subfield code="a">Cu-RivES</subfield>
    <subfield code="c">Cu-RivES</subfield>
    <subfield code="d">CStRLIN</subfield>
    <subfield code="d">Cu-RivES</subfield>
    <subfield code="e">dcrb</subfield>
  </datafield>
  <datafield tag="130" ind1="0" ind2=" ">
    <subfield code="a">Letters from the dead to the living.</subfield>
    <subfield code="p">Part 1.</subfield>
  </datafield>
  <datafield tag="245" ind1="1" ind2="0">
    <subfield code="a">Letters from the dead to the living,</subfield>
    <subfield code="h">[electronic resource] /</subfield>
    <subfield code="c">by Mr. Tho. Brown, Capt. Ayloff, Mr. Hen. Barker, &amp;c. viz. from Jo. Haines of merry memory, to his friends at Wills ... [et al.]. And several others with their answers.</subfield>
  </datafield>
  <datafield tag="250" ind1=" " ind2=" ">
    <subfield code="a">The second edition.</subfield>
  </datafield>
  <datafield tag="260" ind1=" " ind2=" ">
    <subfield code="a">London, :</subfield>
    <subfield code="b">[s.n.],</subfield>
    <subfield code="c">printed in the year, 1702.</subfield>
  </datafield>
  <datafield tag="300" ind1=" " ind2=" ">
    <subfield code="a">[1]+ p.</subfield>
  </datafield>
  <datafield tag="500" ind1=" " ind2=" ">
    <subfield code="a">The letters are partly original, and partly translated from French.</subfield>
  </datafield>
  <datafield tag="500" ind1=" " ind2=" ">
    <subfield code="a">Only a portion of the letters are by Brown.</subfield>
  </datafield>
  <datafield tag="500" ind1=" " ind2=" ">
    <subfield code="a">Fragment: title page only.</subfield>
  </datafield>
  <datafield tag="500" ind1=" " ind2=" ">
    <subfield code="a">Reproduction of original in the British Library.</subfield>
  </datafield>
  <datafield tag="510" ind1="4" ind2=" ">
    <subfield code="a">Early English books tract supplement interim guide</subfield>
    <subfield code="c">Harl.5986[155]</subfield>
  </datafield>
  <datafield tag="533" ind1=" " ind2=" ">
    <subfield code="a">Electronic reproduction.</subfield>
    <subfield code="b">Ann Arbor, Mich. :</subfield>
    <subfield code="c">UMI,</subfield>
    <subfield code="d">1999-</subfield>
    <subfield code="f">(Early English books online)</subfield>
    <subfield code="n">Digital version of: (Early English books, Tract supplement ; E3:3[152])</subfield>
    <subfield code="7">s1999    miun s</subfield>
  </datafield>
  <datafield tag="650" ind1=" " ind2="0">
    <subfield code="a">Letters</subfield>
    <subfield code="v">Early works to 1800.</subfield>
  </datafield>
  <datafield tag="700" ind1="1" ind2=" ">
    <subfield code="a">Brown, Thomas,</subfield>
    <subfield code="d">1663-1704.</subfield>
  </datafield>
  <datafield tag="700" ind1="1" ind2=" ">
    <subfield code="a">Ayloffe, W.</subfield>
    <subfield code="q">(William).</subfield>
  </datafield>
  <datafield tag="700" ind1="1" ind2=" ">
    <subfield code="a">Barker, Henry,</subfield>
    <subfield code="d">fl. 1700.</subfield>
  </datafield>
  <datafield tag="830" ind1=" " ind2="0">
    <subfield code="a">Early English books online.</subfield>
  </datafield>
  <datafield tag="856" ind1="4" ind2="0">
    <subfield code="u">http://gateway.proquest.com/openurl?ctx_ver=Z39.88-2003&amp;res_id=xri:eebo&amp;rft_val_fmt=&amp;rft_id=xri:eebo:image:203695</subfield>
  </datafield>
</record>
</collection>
